% Encoding: UTF-8

@Electronic{pronouns,
  author       = {Abigail Saguy and Juliet Williams},
  year         = {2020},
  note         = {[Access 2020-12-30]},
  title        = {Why We Should All Use They/Them Pronouns},
  url          = {https://blogs.scientificamerican.com/voices/why-we-should-all-use-they-them-pronouns/},
}

@Electronic{previousPaper,
  author       = {Christian Frank},
  year         = {2020},
  note         = {[Access 2020-12-30]},
  title        = {Usefulness of open-source tools for web analytics in EMarketing},
  url          = {https://storage.googleapis.com/bucket.chfrank.net/Open%20Source%20Web%20Analytics.pdf},
}

@Comment{jabref-meta: databaseType:bibtex;}
